@InProceedings{Carvalho:IC99,
  author =       {Americo Carvalho and Jean Charlet},
  title =        {Systèmes d'information et systèmes
	de gestion des connaissances :
	premiers pas vers une méthode d'architecture commune},
  booktitle =    {Actes d'IC'99},
  editor    = "Régine Teulier",
  year =         1999
}

@InProceedings{Bourigault:IC99,
  author =       {Didier Bourigault and Jean Charlet},
  title =        {Construction d'un index thématique de l'{I}ngénierie des {C}onnaissances},
  booktitle =    {Actes d'IC'99},
  editor    = "Régine Teulier",
  year =         1999
}

@InProceedings{ElKassar:IC97,
  author = 	 {Sawsan {El Kassar} and Jean Charlet},
  title = 	 {Représentation de connaissances et aide à la navigation
		hypertextuelle à partir de cas},
  booktitle =    {Actes d'IC'97},
  year = 1997,
  pages = {387--401}
}

@InProceedings{Brunie:IC97,
  author = 	 {Vincent Brunie and Bruno Bachimont and Pierre Morizet-Mahoudeaux},
  title = 	 {Modélisation des connaissances structurelles
                  documentaires pour la conception d'un dossier
                  médical hypertextuel},
  booktitle =    {Actes d'IC'97},
  year = 1997,
  pages =	 {225--241}
}

@InProceedings{Charlet:JAC94,
  author =	 "Jean Charlet and Bruno Bachimont and Jacques Bouaud
		and Pierre Zweigenbaum" , 
  title =	 "Ontologie et r\'eutilisabilit\'e : exp\'erience et
		  discussion", 
  pages = {C1--C14},
  booktitle =    {Actes des JAC'94},
  year = 1994
  }

